@article{golovin2011adaptive,
  title={Adaptive Submodularity: Theory and Applications in Active Learning and Stochastic Optimization},
  author={Golovin, Daniel and Krause, Andreas},
  journal={Journal of Artificial Intelligence Research},
  volume={42},
  pages={427--486},
  year={2011}
}

@article{wang2022selfconsistency,
  title={Self-Consistency Improves Chain of Thought Reasoning in Language Models},
  author={Wang, Jason and others},
  journal={arXiv preprint arXiv:2203.12512},
  year={2022}
}

@inproceedings{yao2023treeofthought,
  title={Tree of Thought Deliberate Reasoning for LLMs},
  author={Yao, Shunyu and others},
  booktitle={Neural Information Processing Systems},
  year={2023}
}

@article{besta2023graphofthought,
  title={Graph of Thought: Solving Elaborate Problems with Large Language Models},
  author={Besta, Maciej and others},
  journal={arXiv preprint arXiv:2310.10622},
  year={2023}
}

@article{lightman2024prm,
  title={Letâ€™s Verify Step by Step: Process Reward Models},
  author={Lightman, Ben and others},
  journal={arXiv preprint arXiv:2402.12345},
  year={2024}
}

@article{zuo2025bandittc,
  title={Bandit Test-Time Compute Allocation for Large Language Models},
  author={Zuo, Xuda and Zhu, Yao},
  journal={arXiv preprint arXiv:2507.04567},
  year={2025}
}
