@article{Berry1999,
  author    = {M. V. Berry and J. P. Keating},
  title     = {The Riemann zeros and eigenvalue asymptotics},
  journal   = {SIAM Review},
  volume    = {41},
  number    = {2},
  pages     = {236--266},
  year      = {1999}
}

@article{Bost1995,
  author    = {J.-B. Bost and A. Connes},
  title     = {Hecke algebras, type III factors and phase transitions with spontaneous symmetry breaking in number theory},
  journal   = {Selecta Mathematica, New Series},
  volume    = {1},
  number    = {3},
  pages     = {411--457},
  year      = {1995}
}

@article{Connes1999,
  author    = {A. Connes},
  title     = {Trace formula in noncommutative geometry and the zeros of the Riemann zeta function},
  journal   = {Selecta Mathematica, New Series},
  volume    = {5},
  number    = {1},
  pages     = {29--106},
  year      = {1999}
}

@article{Deligne1974,
  author    = {P. Deligne},
  title     = {La conjecture de Weil. I},
  journal   = {Publications Math{\'e}matiques de l'IH{\'E}S},
  volume    = {43},
  pages     = {273--307},
  year      = {1974}
}

@inproceedings{Montgomery1973,
  author    = {H. L. Montgomery},
  title     = {The pair correlation of zeros of the zeta function},
  booktitle = {Analytic number theory},
  series    = {Proc. Sympos. Pure Math.},
  volume    = {XXIV},
  pages     = {181--193},
  publisher = {Amer. Math. Soc.},
  year      = {1973}
}

@article{Riemann1859,
  author    = {B. Riemann},
  title     = {{\"U}ber die Anzahl der Primzahlen unter einer gegebenen Gr{\"o}sse},
  journal   = {Monatsberichte der Berliner Akademie},
  year      = {1859},
  pages     = {671--680}
}

@article{Dyson1972,
  author    = {F. J. Dyson},
  title     = {A class of matrix ensembles},
  journal   = {Journal of Mathematical Physics},
  volume    = {13},
  pages     = {90--97},
  year      = {1972}
}

@article{Spector1990,
  author    = {D. Spector},
  title     = {Supersymmetry and the Mobius inversion function},
  journal   = {Communications in Mathematical Physics},
  volume    = {127},
  number    = {2},
  pages     = {239--252},
  year      = {1990}
}

@article{Mussardo2011,
  author    = {G. Mussardo},
  title     = {The quantum mechanical potential for the prime numbers},
  journal   = {ISRN High Energy Physics},
  volume    = {2011},
  pages     = {878393},
  year      = {2011}
}
