@article{CHSH1969,
  title   = {Proposed Experiment to Test Local Hidden-Variable Theories},
  author  = {Clauser, John F. and Horne, Michael A. and Shimony, Abner and Holt, Richard A.},
  journal = {Phys. Rev. Lett.},
  volume  = {23},
  number  = {15},
  pages   = {880--884},
  year    = {1969},
  doi     = {10.1103/PhysRevLett.23.880}
}

@article{EPR1935,
  title   = {Can Quantum-Mechanical Description of Physical Reality Be Considered Complete?},
  author  = {Einstein, A. and Podolsky, B. and Rosen, N.},
  journal = {Phys. Rev.},
  volume  = {47},
  number  = {10},
  pages   = {777--780},
  year    = {1935},
  doi     = {10.1103/PhysRev.47.777}
}

@article{MaldacenaSusskind2013,
  title   = {Cool horizons for entangled black holes},
  author  = {Maldacena, Juan and Susskind, Leonard},
  journal = {Fortschr. Phys.},
  volume  = {61},
  number  = {9},
  pages   = {781--811},
  year    = {2013},
  doi     = {10.1002/prop.201300020}
}

@article{Hawking1975,
  title   = {Particle Creation by Black Holes},
  author  = {Hawking, S. W.},
  journal = {Commun. Math. Phys.},
  volume  = {43},
  pages   = {199--220},
  year    = {1975},
  doi     = {10.1007/BF02345020}
}

@article{Bekenstein1973,
  title   = {Black Holes and Entropy},
  author  = {Bekenstein, J. D.},
  journal = {Phys. Rev. D},
  volume  = {7},
  number  = {8},
  pages   = {2333--2346},
  year    = {1973},
  doi     = {10.1103/PhysRevD.7.2333}
}

@book{WaldGR1994,
  title     = {General Relativity},
  author    = {Wald, Robert M.},
  publisher = {University of Chicago Press},
  year      = {1994}
}

@article{Unruh1976,
  title   = {Notes on black-hole evaporation},
  author  = {Unruh, William G.},
  journal = {Phys. Rev. D},
  volume  = {14},
  number  = {4},
  pages   = {870--892},
  year    = {1976},
  doi     = {10.1103/PhysRevD.14.870}
}

@article{LenseThirring1918,
  title   = {Über den Einfluss der Eigenrotation der Zentralkörper auf die Bewegung der Planeten und Monde nach der Einsteinschen Gravitationstheorie},
  author  = {Lense, Josef and Thirring, Hans},
  journal = {Physikalische Zeitschrift},
  volume  = {19},
  pages   = {156--163},
  year    = {1918}
}

@article{PeresTerno2004,
  title   = {Quantum information and relativity theory},
  author  = {Peres, Asher and Terno, Daniel R.},
  journal = {Rev. Mod. Phys.},
  volume  = {76},
  number  = {1},
  pages   = {93--123},
  year    = {2004},
  doi     = {10.1103/RevModPhys.76.93}
}

@article{EHT2019,
  title   = {First M87 Event Horizon Telescope Results. I. The Shadow of the Supermassive Black Hole},
  author  = {Event Horizon Telescope Collaboration},
  journal = {Astrophys. J. Lett.},
  volume  = {875},
  number  = {1},
  pages   = {L1},
  year    = {2019},
  doi     = {10.3847/2041-8213/ab0ec7}
}

@article{FreedmanClauser1972,
  title   = {Experimental Test of Local Hidden-Variable Theories},
  author  = {Freedman, Stuart J. and Clauser, John F.},
  journal = {Phys. Rev. Lett.},
  volume  = {28},
  number  = {14},
  pages   = {938--941},
  year    = {1972},
  doi     = {10.1103/PhysRevLett.28.938}
}

@article{Christodoulou1970,
  title   = {Reversible transformations of a charged black hole},
  author  = {Christodoulou, Demetrios},
  journal = {Phys. Rev. Lett.},
  volume  = {25},
  number  = {22},
  pages   = {1596--1597},
  year    = {1970},
  doi     = {10.1103/PhysRevLett.25.1596}
}

@article{CarrollPolarization2009,
  title   = {Cosmic birefringence and polarization rotation},
  author  = {Carroll, Sean M.},
  journal = {Phys. Rev. Lett.},
  volume  = {81},
  pages   = {3067--3070},
  year    = {1998},
  doi     = {10.1103/PhysRevLett.81.3067}
}

@article{KocherCommins1967,
  title   = {Polarization Correlation of Photons Emitted in an Atomic Cascade},
  author  = {Kocher, C. A. and Commins, E. D.},
  journal = {Phys. Rev. Lett.},
  volume  = {18},
  number  = {15},
  pages   = {575--577},
  year    = {1967},
  doi     = {10.1103/PhysRevLett.18.575}
}
