@article{schulman2017proximal,
  title={Proximal policy optimization algorithms},
  author={Schulman, John and Wolski, Filip and Dhariwal, Prafulla and Radford, Alec and Klimov, Oleg},
  journal={arXiv preprint arXiv:1707.06347},
  year={2017}
}

@inproceedings{achiam2017constrained,
  title={Constrained policy optimization},
  author={Achiam, Joshua and Held, David and Tamar, Aviv and Abbeel, Pieter},
  booktitle={International conference on machine learning},
  pages={22--31},
  year={2017},
  organization={PMLR}
}

@article{panteleev2021quantum,
  title={Quantum {LDPC} codes with a high distance},
  author={Panteleev, Pavel and Kalachev, Gleb},
  journal={IEEE Transactions on Information Theory},
  volume={68},
  number={1},
  pages={213--229},
  year={2021},
  publisher={IEEE}
}

@article{fosson2021survey,
  title={A survey on spatially coupled {LDPC} codes for sliding window decoding},
  author={Fosson, Sophie M and Rathi, Vivek and Battle, Andrea},
  journal={IEEE Communications Surveys \& Tutorials},
  volume={23},
  number={3},
  pages={1573--1601},
  year={2021},
  publisher={IEEE}
}

@article{sivak2022good,
    author = "Sivak, Vojtech and et al.",
    title = "{Good quantum error correction codes need not be random}",
    journal = "Science",
    volume = "379",
    number = "6637",
    pages = "1130-1135",
    year = "2023",
    doi = "10.1126/science.adc8826"
}

@book{sutton2018reinforcement,
  title={Reinforcement learning: An introduction},
  author={Sutton, Richard S and Barto, Andrew G},
  year={2018},
  publisher={MIT press}
}
