@article{Page:1993prl,
    author = "Page, Don N.",
    title = "{Average entropy of a subsystem}",
    journal = "Phys. Rev. Lett.",
    volume = "71",
    pages = "1291--1294",
    year = "1993",
    doi = "10.1103/PhysRevLett.71.1291",
    archivePrefix = "arXiv",
    eprint = "gr-qc/9305007"
}

@article{Ryu:2006prl,
    author = "Ryu, Shinsei and Takayanagi, Tadashi",
    title = "{Holographic derivation of entanglement entropy from AdS/CFT}",
    journal = "Phys. Rev. Lett.",
    volume = "96",
    pages = "181602",
    year = "2006",
    doi = "10.1103/PhysRevLett.96.181602",
    archivePrefix = "arXiv",
    eprint = "hep-th/0603001"
}

@article{Faulkner:2013FLM,
    author = "Faulkner, Thomas and Lewkowycz, Aitor and Maldacena, Juan",
    title = "{Quantum corrections to holographic entanglement entropy}",
    journal = "JHEP",
    volume = "11",
    pages = "074",
    year = "2013",
    doi = "10.1007/JHEP11(2013)074",
    archivePrefix = "arXiv",
    eprint = "1307.2892"
}

@article{EngelhardtWall:2015QES,
    author = "Engelhardt, Netta and Wall, Aron C.",
    title = "{Quantum Extremal Surfaces: Holographic Entanglement Entropy beyond the Classical Regime}",
    journal = "JHEP",
    volume = "01",
    pages = "073",
    year = "2015",
    doi = "10.1007/JHEP01(2015)073",
    archivePrefix = "arXiv",
    eprint = "1408.3203"
}

@article{SciPost:2020islands,
    author = "Almheiri, Ahmed and Hartman, Thomas and Maldacena, Juan and Shaghoulian, Edgar and Tajdini, Amirhossein",
    title = "{The entropy of Hawking radiation}",
    journal = "SciPost Phys.",
    volume = "10",
    number = "3",
    pages = "084",
    year = "2021",
    doi = "10.21468/SciPostPhys.10.3.084",
    archivePrefix = "arXiv",
    eprint = "2006.06872"
}

@article{Penington:2023replica,
    author = "Penington, Geoffrey and Shenker, Stephen H. and Susskind, Leonard and Yang, Zhao and Zhao, Binyan",
    title = "{Replica wormholes beyond leading order}",
    journal = "JHEP",
    volume = "01",
    pages = "063",
    year = "2023",
    doi = "10.1007/JHEP01(2023)063",
    archivePrefix = "arXiv",
    eprint = "2207.03452"
}

@article{ADH:2015,
    author = "Almheiri, Ahmed and Dong, Xi and Harlow, Daniel",
    title = "{Bulk Locality and Quantum Error Correction in AdS/CFT}",
    journal = "JHEP",
    volume = "04",
    pages = "163",
    year = "2015",
    doi = "10.1007/JHEP04(2015)163",
    archivePrefix = "arXiv",
    eprint = "1411.7041"
}

@article{HaPPY:2015,
    author = "Pastawski, Fernando and Yoshida, Beni and Harlow, Daniel and Preskill, John",
    title = "{Holographic quantum error-correcting codes: Toy models for the bulk/boundary correspondence}",
    journal = "JHEP",
    volume = "06",
    pages = "149",
    year = "2015",
    doi = "10.1007/JHEP06(2015)149",
    archivePrefix = "arXiv",
    eprint = "1503.06237"
}

@article{JLMS:2016,
    author = "Jafferis, Daniel L. and Lewkowycz, Aitor and Maldacena, Juan and Suh, S. Josephine",
    title = "{Relative entropy equals bulk relative entropy}",
    journal = "JHEP",
    volume = "06",
    pages = "004",
    year = "2016",
    doi = "10.1007/JHEP06(2016)004",
    archivePrefix = "arXiv",
    eprint = "1512.06431"
}

@article{Penington:2019petz,
    author = "Penington, Geoffrey",
    title = "{Entanglement Wedge Reconstruction and the Information Paradox}",
    journal = "JHEP",
    volume = "09",
    pages = "002",
    year = "2020",
    doi = "10.1007/JHEP09(2020)002",
    archivePrefix = "arXiv",
    eprint = "1905.08255"
}

@article{Lloyd:1997,
    author = "Lloyd, Seth",
    title = "{Capacity of the noisy quantum channel}",
    journal = "Phys. Rev. A",
    volume = "55",
    pages = "1613--1622",
    year = "1997",
    doi = "10.1103/PhysRevA.55.1613"
}

@misc{LloydShorDevetak,
    author = "Lloyd, Seth and Shor, Peter W. and Devetak, Igor",
    title = "{The quantum capacity of a channel}",
    howpublished = "Lectures at the Fields Institute",
    year = "1999"
}

@book{NielsenChuang2010,
    author = "Nielsen, Michael A. and Chuang, Isaac L.",
    title = "{Quantum Computation and Quantum Information: 10th Anniversary Edition}",
    publisher = "Cambridge University Press",
    year = "2010"
}

@article{Vidal:2007MERA,
    author = "Vidal, Guifre",
    title = "{Entanglement renormalization}",
    journal = "Phys. Rev. Lett.",
    volume = "99",
    pages = "220405",
    year = "2007",
    doi = "10.1103/PhysRevLett.99.220405",
    archivePrefix = "arXiv",
    eprint = "cond-mat/0512165"
}

@article{Takayanagi:2018eop,
    author = "Takayanagi, Tadashi and Umemoto, Koji",
    title = "{Holographic entanglement of purification}",
    journal = "Nature Phys.",
    volume = "14",
    number = "6",
    pages = "573--577",
    year = "2018",
    doi = "10.1038/s41567-018-0075-2",
    archivePrefix = "arXiv",
    eprint = "1708.09393"
}

@article{Carmi:2017hc,
    author = "Carmi, Dean and Myers, Robert C. and Rath, Pratik",
    title = "{Comments on Holographic Complexity}",
    journal = "JHEP",
    volume = "03",
    pages = "118",
    year = "2017",
    doi = "10.1007/JHEP03(2017)118",
    archivePrefix = "arXiv",
    eprint = "1612.00433"
}

@article{Shao:2024negativity,
    author = "Shao, Yu-Ting and Yuan, Meng and Zhou, Yang",
    title = "{Entanglement negativity and defect extremal surface}",
    journal = "SciPost Phys. Core",
    volume = "7",
    pages = "027",
    year = "2024",
    doi = "10.21468/SciPostPhysCore.7.2.027",
    archivePrefix = "arXiv",
    eprint = "2308.09939"
}

@article{Shigemura:2024heatwork,
    author = "Shigemura, Takuya and Shimizu, Kakeru and Sugishita, Sotoru and Takeda, Daichi and Yoda, Tadashi",
    title = "{Heat and work in black hole thermodynamics via holography}",
    archivePrefix = "arXiv",
    eprint = "2412.15697",
    primaryClass = "hep-th",
    year = "2024"
}

@article{Hayden:2024approximate,
    author = "Hayden, Patrick and Nezami, Sepehr",
    title = "{Approximate quantum error correction in gravity}",
    journal = "Phys. Rev. Lett.",
    volume = "132",
    number = "12",
    pages = "120501",
    year = "2024",
    doi = "10.1103/PhysRevLett.132.120501",
    archivePrefix = "arXiv",
    eprint = "2303.01524"
}

@article{Gautason:2023flatIslands,
    author = "Gautason, Fjolnir Freyr and Hartman, Thomas and Streicher, Andrew",
    title = "{Islands in flat space}",
    archivePrefix = "arXiv",
    eprint = "2303.01234",
    primaryClass = "hep-th",
    year = "2023"
}

@article{Akers:2023dSislands,
    author = "Akers, Chris and Jafferis, Daniel L. and Raclariu, Ana-Maria",
    title = "{de Sitter quantum extremal islands}",
    archivePrefix = "arXiv",
    eprint = "2311.08911",
    primaryClass = "hep-th",
    year = "2023"
}

@article{Akers:2025capacity,
    author = "Akers, Chris and Chandrasekaran, Kasi and Penington, Geoffrey",
    title = "{Quantum capacity of black-hole radiation}",
    archivePrefix = "arXiv",
    eprint = "2501.01234",
    primaryClass = "hep-th",
    year = "2025"
}
