@preamble{ "\newcommand{\noopsort}[1]{}" }
@article{HRM2025,
 author    = {Author, A. and Coauthor, B.},
 title     = {The Hierarchical Reasoning Model: A Framework for Structured Cognition},
 journal   = {arXiv preprint arXiv:2506.21734},
 year      = {2025},
}
@inproceedings{Transformer2017,
 author    = {Vaswani, Ashish and Shazeer, Noam and Parmar, Niki and Uszkoreit, Jakob and Jones, Llion and Gomez, Aidan N and Kaiser, {\L}ukasz and Polosukhin, Illia},
 booktitle = {Advances in Neural Information Processing Systems},
 title     = {Attention Is All You Need},
 year      = {2017},
}
@book{Piaget1954,
 author    = {Piaget, Jean},
 title     = {The Construction of Reality in the Child},
 publisher = {Basic Books},
 year      = {1954},
}
@article{Grossberg1987,
 author    = {Grossberg, Stephen},
 title     = {Competitive learning: From interactive activation to adaptive resonance},
 journal   = {Cognitive Science},
 volume    = {11},
 number    = {1},
 pages     = {23--63},
 year      = {1987},
}
@article{Rao1999,
 author    = {Rao, Rajesh P. N. and Ballard, Dana H.},
 title     = {Predictive coding in the visual cortex: a functional interpretation of some extra-classical receptive-field effects},
 journal   = {Nature Neuroscience},
 volume    = {2},
 number    = {1},
 pages     = {79--87},
 year      = {1999},
}
@article{gru2014,
 author    = {Cho, Kyunghyun and van MerriÃ«nboer, Bart and Gulcehre, Caglar and Bahdanau, Dzmitry and Bougares, Fethi and Schwenk, Holger and Bengio, Yoshua},
 title     = {Learning Phrase Representations using RNN Encoder-Decoder for Statistical Machine Translation},
 journal   = {arXiv preprint arXiv:1406.1078},
 year      = {2014},
}
@article{ewc2017,
 author    = {Kirkpatrick, James and Pascanu, Razvan and Rabinowitz, Neil and Veness, Joel and Desjardins, Guillaume and Rusu, Andrei A. and Milan, Kieran and Quan, John and Ramalho, Tiago and Grabska-Barwinska, Agnieszka and others},
 title     = {Overcoming catastrophic forgetting in neural networks},
 journal   = {Proceedings of the National Academy of Sciences},
 volume    = {114},
 number    = {13},
 pages     = {3521--3526},
 year      = {2017},
}
@inproceedings{si2017,
 author    = {Zenke, Friedemann and Poole, Ben and Ganguli, Surya},
 booktitle = {International Conference on Machine Learning},
 title     = {Continual Learning Through Synaptic Intelligence},
 year      = {2017},
}
@inproceedings{gem2017,
 author    = {Lopez-Paz, David and Ranzato, Marc'Aurelio},
 booktitle = {Advances in Neural Information Processing Systems},
 title     = {Gradient Episodic Memory for Continual Learning},
 year      = {2017},
}
@article{rusu2016,
 author    = {Rusu, Andrei A. and Rabinowitz, Neil C. and Desjardins, Guillaume and Soyer, Hubert and Kirkpatrick, James and Kavukcuoglu, Koray and Pascanu, Razvan and Hadsell, Raia},
 title     = {Progressive Neural Networks},
 journal   = {arXiv preprint arXiv:1606.04671},
 year      = {2016},
}
@inproceedings{den2018,
 author    = {Yoon, Jaehong and Yang, Eunho and Lee, Jeongtae and Hwang, Sung Ju},
 booktitle = {International Conference on Learning Representations},
 title     = {Lifelong Learning with Dynamically Expandable Networks},
 year      = {2018},
}
@article{switch2021,
 author    = {Fedus, William and Zoph, Barret and Shazeer, Noam},
 title     = {Switch Transformers: Scaling to Trillion Parameter Models with Simple and Efficient Sparsity},
 journal   = {Journal of Machine Learning Research},
 volume    = {23},
 number    = {120},
 pages     = {1--39},
 year      = {2022},
}
@article{loihi2018,
 author    = {Davies, Mike and Srinivasa, Narayan and Lin, Tsung-han and Chinya, Goutham and Cao, Yuxuan and Choday, Sri Harsha and Dimou, Georgios and Joshi, Prashant and Imam, Nabil and Jain, Shweta and others},
 title     = {Loihi: A neuromorphic manycore processor with on-chip learning},
 journal   = {IEEE Micro},
 volume    = {38},
 number    = {1},
 pages     = {82--99},
 year      = {2018},
}
