% This is the bibliography file.
% Entries can be added in BibTeX format.
@article{example,
  title={Example Article},
  author={Author, A. N.},
  journal={Journal of Examples},
  year={2023},
}
