@inproceedings{brown2017superhuman,
  title={Superhuman AI for heads-up no-limit poker: Libratus beats top professionals},
  author={Brown, Noam and Sandholm, Tuomas},
  booktitle={Science},
  volume={359},
  number={6374},
  pages={418--424},
  year={2018},
  publisher={American Association for the Advancement of Science}
}

@inproceedings{brown2019superhuman,
  title={Superhuman AI for multiplayer poker},
  author={Brown, Noam and Sandholm, Tuomas},
  booktitle={Science},
  volume={365},
  number={6456},
  pages={885--890},
  year={2019},
  publisher={American Association for the Advancement of Science}
}

@inproceedings{brown2018deep,
  title={Deep counterfactual regret minimization},
  author={Brown, Noam and Lerer, Adam and Gross, Sam and Sandholm, Tuomas},
  booktitle={International Conference on Machine Learning},
  pages={693--702},
  year={2018},
  organization={PMLR}
}

@inproceedings{vaswani2017attention,
  title={Attention is all you need},
  author={Vaswani, Ashish and Shazeer, Noam and Parmar, Niki and Uszkoreit, Jakob and Jones, Llion and Gomez, Aidan N and Kaiser, {\L}ukasz and Polosukhin, Illia},
  booktitle={Advances in neural information processing systems},
  pages={5998--6008},
  year={2017}
}

@inproceedings{zinkevich2007regret,
  title={Regret minimization in games with incomplete information},
  author={Zinkevich, Martin and Johanson, Michael and Bowling, Michael and Piccione, Carmelo},
  booktitle={Advances in neural information processing systems},
  pages={1505--1512},
  year={2007}
}
