
@book{pearl2009causality,
  title={Causality: Models, Reasoning, and Inference},
  author={Pearl, Judea},
  year={2009},
  publisher={Cambridge University Press}
}
@book{peters2017elements,
  title={Elements of Causal Inference},
  author={Peters, Jonas and Janzing, Dominik and Sch{\"o}lkopf, Bernhard},
  year={2017},
  publisher={MIT Press}
}
@book{gelman2013bayesian,
  title={Bayesian Data Analysis},
  author={Gelman, Andrew and Carlin, John B and Stern, Hal S and Dunson, David B and Vehtari, Aki and Rubin, Donald B},
  year={2013},
  publisher={CRC Press}
}
@book{koller2009pgm,
  title={Probabilistic Graphical Models: Principles and Techniques},
  author={Koller, Daphne and Friedman, Nir},
  year={2009},
  publisher={MIT Press}
}
@article{gentner1983structure,
  title={Structure-Mapping: A Theoretical Framework for Analogy},
  author={Gentner, Dedre},
  journal={Cognitive Science},
  year={1983},
  volume={7},
  number={2},
  pages={155--170}
}
@article{falkenhainer1989structure,
  title={The Structure-Mapping Engine: Algorithm and Examples},
  author={Falkenhainer, Brian and Forbus, Kenneth D and Gentner, Dedre},
  journal={Artificial Intelligence},
  year={1989},
  volume={41},
  number={1},
  pages={1--63}
}
@book{newell1990unified,
  title={Unified Theories of Cognition},
  author={Newell, Allen},
  year={1990},
  publisher={Harvard University Press}
}
@incollection{lebiere2009actr,
  title={The ACT-R Cognitive Architecture},
  author={Lebiere, Christian and Anderson, John R},
  booktitle={The Oxford Handbook of Cognitive Engineering},
  year={2009},
  publisher={Oxford University Press}
}
@misc{yao2022react,
  title={ReAct: Synergizing Reasoning and Acting in Language Models},
  author={Yao, Shunyu and Zhao, Jeffrey and Yu, Dian and Du, Nan and Shafran, Izhak and Narasimhan, Karthik and others},
  year={2022},
  note={arXiv:2210.03629}
}
@misc{zelikman2022star,
  title={STaR: Bootstrapping Reasoning with Reasoning},
  author={Zelikman, Eric and Wu, Yuhuai and Mu, Jesse and Goodman, Noah},
  year={2022},
  note={arXiv:2203.14465}
}
@misc{anderson2023guidance,
  title={Guidance: A Compiler for Controllable Text Generation},
  author={Anderson, Riley and others},
  year={2023},
  note={arXiv:2309.10470}
}
@misc{rajaraman2024orchestration,
  title={Orchestrating Tool-Use in LLM Agents: A Survey},
  author={Rajaraman, Akshay and others},
  year={2024},
  note={arXiv preprint}
}
